%% Include here references in the BibTeX format
%% Examples:






@inproceedings{cheshmi2017sympiler,
  title={Sympiler: transforming sparse matrix codes by decoupling symbolic analysis},
  author={Cheshmi, Kazem and Kamil, Shoaib and Strout, Michelle Mills and Dehnavi, Maryam Mehri},
  booktitle={Supercomputing},
  year={2017}
}

